@misc{
    gplv3,
    author       = {Free Software Foundation},
    title        = {{GNU} {G}eneral {P}ublic {L}icense},
    version      = {3},
    howpublished = {\url{http://www.gnu.org/licenses/gpl.html}},
    shorthand    = {GPL},
}

@misc{
    affinity,
    author       = {Fundación Affinity},
    title        = {Affinity},
    howpublished = {\url{https://www.fundacion-affinity.org/observatorio/infografia-el-nunca-lo-haria-abandono-adopcion-perros-gatos-espana-2022?utm_source=webFA&utm_medium=sliderHome}},
    shorthand    = {Affinity},
}

@ngrx{
    ngrx,
    author       = {NgRx},
    title        = {NgRx},
    howpublished = {\url{https://ngrx.io/guide/store}},
    shorthand    = {NgRx},
}

@mvc {
    mvc,
    author       = {Esmitt Ramirez},
    title        = {Model-View-Controller (MVC)},
    howpublished = {\url{https://www.researchgate.net/figure/Figura-4-Patron-MVC-planteado-en-Shader-Tool-empleando-AngularJS_fig2_283471217}},
    shorthand    = {MVC},
}

@W3C {
    w3c,
    author       = {World Wide Web Consortium},
    title        = {Web Content Accessibility Guidelines (WCAG) 2.1},
    howpublished = {\url{https://www.w3.org/TR/WCAG21/}},
    shorthand    = {WCAG},
}

@aes {
    aes,
    author       = {Vincent Rijmen and Joan Daemen},
    title        = {Advanced Encryption Standard (AES)},
    howpublished = {\url{https://nvlpubs.nist.gov/nistpubs/FIPS/NIST.FIPS.197.pdf}},
    shorthand    = {AES},
}

@acm-code-of-ethics {
    acm-code-of-ethics,
    author       = {Association for Computing Machinery},
    title        = {ACM Code of Ethics and Professional Conduct},
    howpublished = {\url{https://www.acm.org/code-of-ethics}},
    shorthand    = {ACM Code of Ethics},
}

@ley-proteccion-datos {
    ley-proteccion-datos,
    author       = {Agencia Española de Protección de Datos},
    title        = {Ley Orgánica 3/2018, de 5 de diciembre, de Protección de Datos Personales y garantía de los derechos digitales},
    howpublished = {\url{https://www.boe.es/buscar/act.php?id=BOE-A-2018-16673}},
    shorthand    = {Ley de Protección de Datos},
}

@ley-servicios-sociedad-informacion {
    ley-servicios-sociedad-informacion,
    author       = {Agencia Española de Protección de Datos},
    title        = {Ley 34/2002, de 11 de julio, de servicios de la sociedad de la información y de comercio electrónico},
    howpublished = {\url{https://www.boe.es/buscar/act.php?id=BOE-A-2002-13758}},
    shorthand    = {Ley de Servicios de la Sociedad de la Información},
}